@article{art1,
author={Universidad de Valladolid},
year={2008},
title={Grafos no dirigidos acíclicos: Árboles},
publisher={Universidad de Valladolid}
}

@Conference{art2,
author={Prof. Kryscia Daviana Ramírez Benavides},
title={Teoría de Grafos y Árboles},
publisher={Universidad de Costa Rica. Escuela de Ciencias de la Computación e Informática}
}

@article{art3,
author={J.Torres},
year={2018},
title={Tema: 2 Red compleja como ejemplo de sistema complejo},
publisher={Universidad de Granada}
}

@article{art4,
author={Hernán S. Nottoli},
year={1998},
title={Teoría de Grafos. Aplicaciones al diseño arquitectónico},
publisher={Universidad de Buenos Aires},
}

@article{art5,
author={Alfonso Recuero},
title={Aplicaciones de la teoría de grafos: Búsqueda de caminos en una red y análisis de su conectividad},
publisher={Instituto Eduardo Torroja},
}

@article{art6,
author={E. Martín, A. Méndez, C. Ortiz y J. Sendra},
year={2011},
title={Tema 5: Grafos},
publisher={Universidad Politécnica de Madrid},
}

@MastersThesis{art7,
author = {Nidia Lizzeth Gómez Duarte},
title = {Efectos estructurales en la sincronización de sistemas},
school = {Universidad Autónoma de Nuevo León},
year = {2010},
}
