@misc{b1,
author = {Gabor Csardi},
title = {Layout as bipartite: Simple two-row layout for bipartite graphs},
year = {2019},
howpublished = {Last access in 02-17-2019 to url{http://rdrr.io/cran/igraph/man/layout as bipartite.htmlheading-5}},
}

@misc{b2,
author = {Networkx},
title = {Networkx drawing layout bipartite layout},
year = {2019},
howpublished = {Last access in 02-17-2019 to url{http://networkx.github.io/documentation/latest/reference/generated/networkx.drawing.layout.bipartite layout.html}},
}

@misc{c,
author = {The diagramming company},
title = {Developers Guide: Analysis and Layout},
year = {2015},
howpublished = {Last access in 02-17-2019 to url{http://docs.yworks.com/yfilesflex/doc/dguide-layout/circular layouter.html}},
}

@misc{d,
author = {Andrés Aiello y Rodrigo I. Silveira},
title = {Trazado de grafos mediante métodos dirigidos por fuerza},
year = {2018},
howpublished = {Last access in 02-21-2019 to url{http://slideplayer.es/slide/2343740/}},
}

@misc{e,
author = {Networkx},
title = {Random Layout},
year = {2015},
howpublished = {Last access in 02-21-2019 to url{http://networkx.github.io/documentation/networkx-1.10/reference/generated/networkx.drawing.layout.randomlayout.html}},
}

@misc{g,
author = {Simon Dobson},
title = {Concepts: networks and geometry},
year = {2017},
howpublished = {Last access in 02-23-2019 to url{http://simondobson.org/2017/04/21/concepts-networks-and-geometry/}},
}

@misc{h,
author = {Networkx},
title = {Networkx drawing layout spring layout},
year = {2018},
howpublished = {Last access in 02-23-2019 to url{http://networkx.github.io/documentation/stable/reference/generated/networkx.drawing.layout.spring layout.html}},
}

@misc{i,
author = {Sparx Systems},
title = {Spring layout},
year = {2019},
howpublished = {Last access in 02-23-2019 to url{http://sparxsystems.com/enterprisearchitectuserguide/14.0/modelingtools/spring layout.html}},
}

@misc{j,
author = {Networkx},
title = {Spectral layout},
year = {2019},
howpublished = {Last access in 02-23-2019 to url{http://networkx.github.io/documentation/latest/
reference/generated/networkx.drawing.layout.spectral layout.html}},
}

@misc{k,
author = {Sébastien Heymann},
title = {Fruchterman Reingold},
year = {2015},
howpublished = {Last access in 02-23-2019 to url{http://github.com/gephi/gephi/wiki/Fruchterman-Reingold}},
}

@misc{l,
author = {Mathieu Jacomy},
title = {ForceAtlas2, the new version of our home-brew layout},
year = {2011},
howpublished = {Last access in 02-25-2019 to url{http://gephi.wordpress.com/2011/06/06/forceatlas2-the-new-version-of-our-home-brew-layout/}},
}