@misc{a1,
author = {Networkx},
title = {Topological sort},
year = {2014},
howpublished = {Last access in 03-13-2019 to {http://networkx.github.io/documentation/networkx-1.9/reference/generated/networkx.algorithms.dag.topologicalsort.html}},
}

@misc{a2,
author = {Networkx},
title = {Minimum spanning tree},
year = {2015},
howpublished = {Last access in 03-17-2019 to {http://networkx.github.io/documentation/networkx-1.10/reference/generated/networkx.algorithms.mst.
minimumspanningtree.html}},
}

@misc{a3,
author = {GraphStream Team},
title = {Betweenness Centrality},
year = {2018},
howpublished = {Last access in 03-14-2019 to {http://graphstream-project.org/doc/Algorithms/Betweenness-Centrality/}},
}

@misc{a4,
author = {Networkx},
title = {Dfs tree},
year = {2015},
howpublished = {Last access in 03-14-2019 to {http://networkx.github.io/documentation/networkx-1.10/reference/generated/networkx.algorithms.traversal.depthfirstsearch.dfstree.html}},
}

@misc{a5,
author = {James MacCaffrey},
title = {Algoritmos tabú y el clique máximo},
year = {2011},
howpublished = {Last access in 03-14-2019 to {http://msdn.microsoft.com/es-es/magazine/hh580741.aspx}},
}

@misc{a6,
author = {Brad Miller and David Ranum},
title = {Problem Solving with Algorithms and Data Structures using Python},
year = {2013},
howpublished = {Last access in 03-17-2019 to {http://interactivepython.org/runestone/static/pythoned/Graphs/OrdenamientoTopologico.html}},
}

@misc{a7,
author = {Sunil Kumar Raghavan Unnithan. Balakrishnan Kannan and Madambi Jathavedan},
title = {Betweenness Centrality in Some Classes of Graphs},
year = {2014},
howpublished = {Last access in 03-17-2019 to {http://www.hindawi.com/journals/ijcom/2014/241723/}},
}

@misc{a8,
author = {Ace Technosoft Team},
title = {Graph traversals},
year = {2018},
howpublished = {Last access in 03-17-2019 to {http://acetechnosoft.com/ds/graphtraversal.php}},
}

@misc{a9,
author = {Networkx},
title = {Max clique},
year = {2014},
howpublished = {Last access in 03-17-2019 to {http://networkx.github.io/documentation/networkx-1.9/reference/generated/networkx.algorithms.approximation.clique.maxclique.html}},
}