@misc{a1,
author = {Networkx},
title = {Networkx generators classic full\_rary\_tree},
year = {2018},
howpublished = {Last access in 04-01-2019 to {http://networkx.github.io/documentation/stable/reference
/generated/networkx.generators.classic.full\_rary\_tree.html\#networkx.generators.classic.full\_rary\_tree}},
}

@misc{a2,
author = {Networkx},
title = {Networkx generators classic complete\_graph},
year = {2018},
howpublished = {Last access in 04-01-2019 to {http://networkx.github.io/documentation/stable/reference
/generated/networkx.generators.classic.complete\_graph.html\#networkx.generators.classic.complete\_graph}},
}

@misc{a3,
author = {Tim Shearouse},
title = {Class CompleteGraphGenerator},
year = {2018},
howpublished = {Last access in 04-01-2019 to {http://jgrapht.org/javadoc/org/jgrapht/generate/CompleteGraphGenerator.html}},
}

@misc{a4,
author = {Networkx},
title = {Networkx generators classic wheel\_graph},
year = {2018},
howpublished = {Last access in 04-01-2019 to {http://networkx.github.io/documentation/stable/reference
/generated/networkx.generators.classic.wheel\_graph.html\#networkx.generators.classic.wheel\_graph}},
}

@misc{a5,
author = {MathWorld Team},
title = {Wheel Graph},
year = {2019},
howpublished = {Last access in 04-01-2019 to {http://mathworld.wolfram.com/WheelGraph.html}},
}

@misc{a6,
author = {Agustín J. González},
title = {Estructura de datos y algoritmos},
year = {2002},
howpublished = {Last access in 04-01-2019 to {http://profesores.elo.utfsm.cl/~agv/elo320/01and02/redesDeFlujo/maximumFlow.pdf}},
}

@misc{a7,
author = {Networkx},
title = {Networkx algorithms flow minimum\_cut},
year = {2018},
howpublished = {Last access in 04-01-2019 to {http://networkx.github.io/documentation/stable/reference
/algorithms/generated/networkx.algorithms.flow.minimum\_cut.html\#networkx.algorithms.flow.minimum\_cut}},
}

@misc{a8,
author = {Networkx},
title = {Networkx algorithms flow minimum\_cut\_value},
year = {2018},
howpublished = {Last access in 04-01-2019 to {http://networkx.github.io/documentation/stable/reference
/algorithms/generated/networkx.algorithms.flow.minimum\_cut\_value.html\#networkx.algorithms.flow.minimum\_cut\_value}},
}